@article{Burt_Ghrist_Myatt_Holland_Cornell_Wieman_1997, author={Ghrist, R. and Myatt, C. and Holland, M. and Cornell, E. and Wieman, C.}, title={Coherence, Correlations, and Collisions: What One Learns about Bose-Einstein Condensates from Their Decay}, volume={79}, url={http://link.aps.org/doi/10.1103/PhysRevLett.79.337}, DOI={10.1103/PhysRevLett.79.337}, number={3}, journal={Physical Review Letters}, year={1997}, month={Jul}, pages={337-340}}
@article{Corney_Heersink_Dong_Josse_Drummond_Leuchs_Andersen_2008, author={Heersink, Joel and Dong, Ruifang and Josse, Vincent and Drummond, Peter D. and Leuchs, Gerd and Andersen, Ulrik}, title={Simulations and experiments on polarization squeezing in optical fiber}, volume={78}, url={http://link.aps.org/doi/10.1103/PhysRevA.78.023831}, DOI={10.1103/PhysRevA.78.023831}, number={2}, journal={Physical Review A}, year={2008}, month={Aug}, pages={1-18}}
@article{Drummond_1993, author={Hardman, A. D}, title={Simulation of Quantum Effects in Raman-Active Waveguides}, volume={21}, url={http://stacks.iop.org/0295-5075/21/i=3/a=005?key=crossref.5ced39e5bf433e75a804fe992a5bc20e}, DOI={10.1209/0295-5075/21/3/005}, number={3}, journal={Europhysics Letters (EPL)}, year={1993}, month={Jan}, pages={279-284}}
@article{Hoffmann_Corney_Drummond_2008, author={Corney, Joel and Drummond, Peter D.}, title={Hybrid phase-space simulation method for interacting Bose fields}, volume={78}, url={http://link.aps.org/doi/10.1103/PhysRevA.78.013622}, DOI={10.1103/PhysRevA.78.013622}, number={1}, journal={Physical Review A}, year={2008}, month={Jul}, pages={1-12}}
@article{Jack_2002, title={Decoherence due to Three-Body Loss and its Effect on the State of a Bose-Einstein Condensate}, volume={89}, url={http://link.aps.org/doi/10.1103/PhysRevLett.89.140402}, DOI={10.1103/PhysRevLett.89.140402}, number={14}, journal={Physical Review Letters}, year={2002}, month={Sep}, pages={1-4}}
@article{Mertes_Merrill_Carretero-Gonzalez_Frantzeskakis_Kevrekidis_Hall_2007, author={Merrill, J. and Carretero-Gonz\`{a}lez, R. and Frantzeskakis, D. and Kevrekidis, P. and Hall, D.}, title={Nonequilibrium Dynamics and Superfluid Ring Excitations in Binary Bose-Einstein Condensates}, volume={99}, url={http://link.aps.org/doi/10.1103/PhysRevLett.99.190402}, DOI={10.1103/PhysRevLett.99.190402}, number={19}, journal={Physical Review Letters}, year={2007}, month={Nov}, pages={1-4}}
@article{Morgan_1999, title={A Gapless Theory of Bose-Einstein Condensation in Dilute Gases at Finite Temperature}, volume={33}, url={http://arxiv.org/abs/cond-mat/9911278}, DOI={10.1088/0953-4075/33/19/303}, number={19}, journal={Journal of Physics B: Atomic, Molecular and Optical Physics}, year={1999}, month={Nov}, pages={39}}
@article{Norrie_Ballagh_Gardiner_2006, author={Ballagh, R. and Gardiner, C.}, title={Quantum turbulence and correlations in Bose-Einstein condensate collisions}, volume={73}, url={http://link.aps.org/doi/10.1103/PhysRevA.73.043617}, DOI={10.1103/PhysRevA.73.043617}, number={4}, journal={Physical Review A}, year={2006}, month={Apr}, pages={1-18}}
@article{Sinatra_Lobo_Castin_2002, author={Lobo, Carlos and Castin, Yvan}, title={The truncated Wigner method for Bose-condensed gases: limits of validity and applications}, volume={35}, url={http://stacks.iop.org/0953-4075/35/i=17/a=301?key=crossref.c7aed7eb9dc5ce0bb952f7815936c80e}, DOI={10.1088/0953-4075/35/17/301}, number={17}, journal={Journal of Physics B: Atomic, Molecular and Optical Physics}, year={2002}, month={Sep}, pages={3599-3631}}
@article{Steel_1998, author={Olsen, M. K. and Plimak, L. I. and Drummond, Peter D. and Tan, S. and Collett, M. J. and Walls, D. and Graham, R.}, title={Dynamical quantum noise in trapped Bose-Einstein condensates}, volume={58}, url={http://link.aps.org/doi/10.1103/PhysRevA.58.4824}, DOI={10.1103/PhysRevA.58.4824}, number={6}, journal={Physical Review A}, year={1998}, month={Dec}, pages={4824-4835}}